@article{hawking1974black,
  title={Black hole explosions?},
  author={Hawking, Stephen W},
  journal={Nature},
  volume={248},
  number={5443},
  pages={30--31},
  year={1974},
  publisher={Nature Publishing Group UK London}
}

@article{belczynski2012missing,
  title={Missing black holes unveil the supernova explosion mechanism},
  author={Belczynski, Krzysztof and Wiktorowicz, Grzegorz and Fryer, Chris L and Holz, Daniel E and Kalogera, Vassiliki},
  journal={The Astrophysical Journal},
  volume={757},
  number={1},
  pages={91},
  year={2012},
  publisher={IOP Publishing}
}

